@report{APT29,
   	title					= {Advisory: {APT29} Targets {COVID-19} Vaccine Development},
	author				= {NCSC and CSE},
   	year					= {2020},
	howpublished	= {\url{https://www.ncsc.gov.uk/files/Advisory-APT29-targets-COVID-19-vaccine-development-V1-1.pdf}}
}

@report{covspill,
   	title					= {Spillover of {COVID-19}: Impact on the Global Economy},
	author				= {Peterson Ozili and Thankom Arun},
   	year					= {2020},
	howpublished	= {\url{https://mpra.ub.uni-muenchen.de/99850/1/MPRA_paper_99850.pdf}}
}

@report{diffattack,
   	title					= {Cyber Security in the Age of {COVID-19}: A Timeline and Analysis of Cyber-Crime and Cyber-Attacks during the Pandemic},
	author				= {Harjinder Singh Lallie and Lynsay A. Shepherd and Jason R. C. Nurse and Arnau Erola and Gregory Epiphaniou and Carsten Maple and Xavier Bellekens},
   	year					= {2020},
	howpublished	= {\url{https://arxiv.org/pdf/2006.11929.pdf}}
}

@online{newhack,
 	author 				= {BBC},
 	title 					= {Newcastle University cyber attack 'to take weeks to fix'},
  	year 					= {2020},
  	howpublished	= {\url{https://www.bbc.co.uk/news/uk-england-tyne-54047179}},
  	note					= {Accessed: 01/04/2020}
}

@online{norhack,
 	author 				= {BBC},
 	title 					= {Northumbria University hit by cyber attack},
  	year 					= {2020},
  	howpublished 	= {\url{https://www.bbc.co.uk/news/uk-england-tyne-53989404}},
  	note					= {AccessedL 01/04/2020}
}